@inproceedings{hartig2016walking,
  title={Walking without a map: Ranking-based traversal for querying linked data},
  author={Hartig, Olaf and {\"O}zsu, M Tamer},
  booktitle={The Semantic Web--ISWC 2016: 15th International Semantic Web Conference, Kobe, Japan, October 17--21, 2016, Proceedings, Part I 15},
  pages={305--324},
  year={2016},
  organization={Springer}
}

@inproceedings{taelman2023link,
  title={Link traversal query processing over decentralized environments with structural assumptions},
  author={Taelman, Ruben and Verborgh, Ruben},
  booktitle={International Semantic Web Conference},
  pages={3--22},
  year={2023},
  organization={Springer}
}

@inproceedings{eschauzier2023does,
  title={How Does the Link Queue Evolve during Traversal-Based Query Processing?},
  author={Eschauzier, Ruben and Taelman, Ruben and Verborgh, Ruben},
  booktitle={QuWeDa/MEPDaW@ ISWC},
  pages={26--33},
  year={2023}
}