

@inproceedings{papailiou2015graph,
  title={Graph-aware, workload-adaptive SPARQL query caching},
  author={Papailiou, Nikolaos and Tsoumakos, Dimitrios and Karras, Panagiotis and Koziris, Nectarios},
  booktitle={SIGMOD},
  year={2015}
}

@inproceedings{madkour2018worq,
  title={Worq: Workload-driven rdf query processing},
  author={Madkour, Amgad and Aly, Ahmed M and Aref, Walid G},
  booktitle={ISWC},
  year={2018}
}

@article{zhang2018learning,
  title={A learning-based framework for improving querying on web interfaces of curated knowledge bases},
  author={Zhang, Wei Emma and Sheng, Quan Z and Yao, Lina and Taylor, Kerry and Shemshadi, Ali and Qin, Yongrui},
  year={2018},
}

@article{alexander2011describing,
  title={Describing linked datasets with the VoID vocabulary},
  author={Alexander, Keith and Cyganiak, Richard and Hausenblas, Michael and Zhao, Jun},
  year={2011}
}

@inproceedings{neumann2011characteristic,
  title={Characteristic sets: Accurate cardinality estimation for RDF queries with multiple joins},
  author={Neumann, Thomas and Moerkotte, Guido},
  booktitle={ICDE},
  year={2011}
}

@inproceedings{aebeloe2019decentralized,
  title={Decentralized indexing over a network of RDF peers},
  author={Aebeloe, Christian and Montoya, Gabriela and Hose, Katja},
  booktitle={ISWC},
  year={2019},
}

@article{aebeloe2022lothbrok,
  title={The Lothbrok approach for SPARQL Query Optimization over Decentralized Knowledge Graphs},
  author={Aebeloe, Christian and Montoya, Gabriela and Hose, Katja},
  year={2022}
}


@article{schwabe2023cardinality,
  title={Cardinality Estimation over Knowledge Graphs with Embeddings and Graph Neural Networks},
  author={Schwabe, Tim and Acosta, Maribel},
  year={2023}
}


@inproceedings{marcus2018deep,
  title={Deep reinforcement learning for join order enumeration},
  author={Marcus, Ryan and Papaemmanouil, Olga},
  year={2018}
}